%% This BibTeX bibliography file was created using BibDesk.
%% http://bibdesk.sourceforge.net/


%% Created for Markus Klemm at 2015-06-22 15:58:14 +0200 


%% Saved with string encoding Unicode (UTF-8) 



@techreport{ISO25000,
	Address = {Geneva, CH},
	Author = {{ISO/IEC JTC 1/SC 7}},
	Date-Added = {2015-06-22 13:28:34 +0000},
	Date-Modified = {2015-06-22 13:58:11 +0000},
	Institution = {International Organization for Standardization},
	Key = {ISO/IEC 25000:2014},
	Month = {03},
	Number = {ISO/IEC 25000:2014},
	Title = {{Systems and software engineering -- Systems and software Quality Requirements and Evaluation (SQuaRE) -- Guide to SQuaRE}},
	Type = {Standard},
	Year = {2014}}
